2095 2994
192 63 522 144 Dot'lrt'na
546 62 833 172 Antiqua
853 62 933 140 de
956 61 1205 152 Rerum
1230 65 1484 174 Origin.
1582 95 1624 146 z
1649 96 1735 168 17

82 200 389 256 sententiam
455 210 544 250 aut
590 195 1073 266 interpretationem
1128 195 1358 250 solidam.
1435 196 1581 249 Nam

80 272 272 345 primo,
311 269 481 342 quoad
518 268 770 338 Angelos,
810 283 1152 340 praeterquam
1199 270 1338 340 quod
1375 271 1579 322 abrum-

80 363 212 416 punt
239 341 835 398 omnem*connexionem
861 359 980 395 cum
1000 342 1420 413 praecedentibUS,
1440 341 1577 393 nulla

79 420 251 473 futura
275 415 346 469 est
390 412 689 467 instauratio
714 414 1040 484 Angelorum
1080 414 1337 483 lapsorum
1363 432 1374 467 :
1414 414 1578 486 loqui-

81 507 165 546 tur
183 504 354 543 autem
386 485 667 554 Apostolus
694 486 966 540 manifesto
990 487 1053 540 de
1086 486 1348 543 Creaturfi
1373 487 1399 541 a
1424 485 1577 541 servi-

78 579 187 619 tute
207 565 253 618 &
273 560 604 630 corruptione
624 559 880 613 liberanda
908 579 919 614 :
959 578 1118 631 quam
1148 560 1230 614 illa
1269 560 1576 631 redemptio-

76 654 201 690 nem
236 634 440 688 anhelat
474 634 523 688 &
551 633 883 686 vehementer
938 634 1148 704 expetit.
1227 635 1370 687 Dein
1403 632 1575 706 quoad

76 727 240 781 genus
267 708 571 773 humanum,
611 706 660 759 id
678 706 955 778 recipinon
974 705 1419 777 potest,quoniam
1439 713 1575 759 Crea-

77 796 190 834 tura
226 779 556 850 distinguitur
591 780 655 832 ab
713 779 1026 843 hominibus,
1067 778 1165 832 five
1201 780 1228 832 :i
1261 781 1404 833 nobis
1442 779 1578 852 ipsis,

78 855 131 908 in
163 853 270 926 ipso
291 854 568 906 verborum
611 866 773 906 textu.
845 857 1047 919 Scimus,
1087 853 1259 923 inquit
1281 852 1578 924 Apostolus,

77 927 216 1000 quod
243 932 387 978 omnbs
407 930 634 977 ereatura
655 924 927 996 ingemiscit
944 921 1003 979 ὠ
1016 930 1231 997 parturit
1255 925 1392 997 usque
1412 925 1577 991 adhuc,

79 998 341 1071 nonsolum
361 997 455 1064 illa,
479 997 572 1068 sed
604 991 662 1050 (ῥ’
699 997 892 1070 nosipsi.
967 998 1133 1054 ‘Aliud
1159 999 1319 1068 igitur
1350 999 1420 1052 est
1441 1004 1579 1050 Crea-

75 1088 206 1138 tura,
243 1070 382 1128 aliud
411 1070 677 1125 homines:
741 1072 797 1124 ni
832 1071 955 1126 velis
991 1089 1094 1125 non
1131 1070 1226 1125 esse
1277 1070 1306 1124 ἐ
1359 1090 1577 1126 numero

74 1146 351 1201 hominum
365 1158 454 1199 aut
468 1144 676 1199 humani
695 1145 899 1214 generis
918 1143 1193 1217 Apostolos
1208 1143 1433 1217 aliosque
1450 1146 1578 1214 pios

78 1220 386 1288 Qinetiam
420 1234 513 1272 nos
537 1218 772 1272 hortatur
793 1218 856 1270 ad
897 1219 1222 1288 patientiam,
1264 1220 1312 1273 8<
1351 1218 1577 1272 consola-

77 1308 183 1362 tur,
221 1291 390 1347 exillo
409 1293 674 1346 communi
708 1292 833 1344 nixu
859 1309 1031 1345 rerum
1067 1292 1305 1346 omnium
1335 1291 1398 1345 ad
1437 1290 1577 1345 futu-

76 1383 194 1421 ram
232 1362 619 1436 perfectionem.
695 1364 762 1418 Et
788 1364 907 1418 licet
924 1363 1279 1436 nonnusquam
1304 1369 1456 1419 κτίσις
1486 1380 1578 1419 aut

76 1442 214 1495 amul,
251 1442 406 1493 κτίσις
443 1437 507 1491 ad
528 1455 692 1508 genus
714 1437 1001 1492 humanum
1022 1454 1111 1493 aut
1147 1437 1476 1494 Christianos
1504 1458 1580 1492 re·

80 1511 286 1566 ferenda
303 1510 442 1577 effet,
480 1511 530 1564 id
548 1510 658 1564 fieri
677 1527 775 1564 non
803 1511 966 1582 potest
999 1511 1084 1565 hic
1121 1511 1239 1576 loci,
1278 1511 1364 1565 ubi
1403 1513 1466 1565 ab
1501 1511 1577 1565 iiii

78 1584 199 1639 dem
230 1581 408 1656 aperte
446 1582 798 1655 distinguitur,
835 1586 888 1637 &
928 1584 1336 1654 contraponitur.
1416 1586 1582 1638 Deni-

75 1676 200 1730 que,
237 1657 326 1729 qui
351 1659 548 1710 Gentes
566 1672 721 1729 atque
740 1657 989 1730 populum
1026 1657 1315 1724 Gentilem,
1369 1657 1580 1711 nomine

75 1733 276 1785 κτίσεως
314 1728 399 1784 hic
439 1729 755 1799 intelligunt,
796 1729 1023 1784 maxime
1067 1730 1302 1784 omnium
1339 1730 1364 1785 εἰ
1401 1732 1580 1785 verbo-

78 1822 200 1859 rum
245 1802 333 1858 usu
374 1805 422 1858 δε
455 1802 484 1856 a
520 1801 642 1857 vera
679 1804 881 1857 ratione
916 1803 1181 1859 recedunt.
1259 1804 1398 1871 Qid
1435 1805 1578 1857 enim

74 1878 146 1948 πῇ
160 1881 314 1931 κτίσει
335 1893 457 1930 cum
476 1877 715 1946 gentibus
733 1891 823 1930 aut
838 1877 1119 1950 gentilibus
1140 1874 1164 1930 ?
1213 1894 1322 1949 quae
1337 1878 1582 1948 cognatio

78 1967 275 2004 vocum
301 1965 392 2003 aut
434 1948 653 2003 rerum?
712 1948 804 2005 sub
850 1950 1030 2004 eodem
1065 1967 1220 2004 onere
1266 1964 1583 2021 gemuerunt
1629 1991 1632 1993 >

85 2025 344 2079 Creatura
366 2024 415 2075 δε
455 2022 759 2090 Christiani,
802 2024 951 2092 (ver.
980 2024 1111 2095 23.)
1148 2024 1288 2095 quod
1313 2023 1376 2077 de
1413 2023 1584 2094 genti-

83 2097 181 2150 bus
202 2099 252 2149 &
277 2095 594 2151 Christianis
613 2095 750 2150 haud
776 2097 983 2151 dixeris·
1059 2098 1254 2168 Neque
1273 2096 1438 2167 magis
1457 2095 1585 2167 aspi-

84 2187 198 2222 rare
260 2183 503 2222 otuerunt
534 2184 716 2238 gentes
745 2171 808 2224 ad
835 2170 1142 2241 religionem
1174 2169 1263 2223 fibi
1311 2170 1582 2240 ignotam:

86 2260 183 2296 nec
200 2187 256 2295 fg
268 2242 480 2295 taedebat
507 2239 599 2294 suae
616 2240 984 2310 superstitionis
1009 2245 1061 2296 &
1101 2244 1358 2310 Deorum,
1396 2244 1586 2314 quibus

84 2312 316 2369 maxime
340 2311 579 2369 delectari
598 2315 848 2386 populum
882 2318 1192 2378 Ethnicum,
1229 2331 1382 2388 atque
1417 2315 1588 2370 furere
1670 2374 1677 2377 ,

88 2387 375 2453 &aestuare,
415 2386 563 2459 siquis
599 2405 685 2441 eos
727 2388 919 2458 laeserit,
960 2391 1138 2444 multis
1184 2389 1430 2461 exemplis
1463 2389 1589 2442 vidi·

88 2477 224 2515 muS.
264 2512 268 2513 ⁷
299 2459 566 2526 Praeterea,
621 2458 724 2532 quii
774 2461 858 2532 spe
909 2461 1141 2533 subjectse
1193 2463 1305 2516 fiant
1369 2461 1590 2516 vanitati

90 2535 310 2603 Gentes,
346 2547 436 2587 aut
452 2534 568 2605 quis
587 2551 670 2587 eas
698 2532 928 2604 subjecit,
966 2554 1070 2590 non
1089 2534 1176 2590 suti
1201 2532 1420 2607 iponte?
1478 2536 1590 2588 De-

90 2608 268 2680 nique,
306 2607 537 2680 loquitur
555 2605 834 2681 Apostolus
867 2609 930 2662 de
936 2609 1115 2680 fata-'ra
1129 2610 1294 2682 ςξίονέιί
1327 2609 1460 2679 (ver.
1470 2629 1501 2734 ἒ
1506 2607 1589 2675 7.)

1376 2693 1463 2734 tan
1506 2695 1589 2732 em
