2095 2994
229 48 382 150 184

540 31 1049 145 QArchaeologiae
1074 27 1551 145 ‘Philosophiae
1573 63 1595 112 .·
1608 32 1777 148 five,

605 247 863 319 Errorum
890 238 1156 310 Aristotelia·
1173 238 1344 294 brevis
1373 236 1688 310 conspefiffis,

449 392 732 449 'Mundum
759 394 1039 446 AEternum
1056 382 1151 439 effe
1169 382 1362 454 statuit,
1397 403 1460 440 ex
1479 383 1699 460 utraque
1718 398 1864 458 parte
1887 404 1900 440 :

539 464 839 538 Ingenitum
858 463 908 517 8<
934 458 1394 530 incorruptibilem.

468 538 651 596 Coelos
697 536 903 603 solidos,
940 535 989 589 8<
1023 532 1205 587 eodem
1239 549 1472 605 tempore
1529 532 1582 587 in
1618 533 1903 588 contrarias

546 627 718 683 partes
736 608 893 664 actos,

469 687 753 741 Materiam
782 682 1060 740 Coelorum
1079 678 1175 735 effe
1198 679 1447 737 divinam,
1500 678 1906 751 Qinteffentia-

548 760 669 826 lem,
707 753 1175 815 &immutabilem
1921 770 1925 774 ·

471 833 624 889 Fixas
641 830 737 886 esse
757 830 1009 885 denliores
1026 842 1196 900 partes
1217 825 1419 881 suorum
1435 826 1668 882 orbium:
1710 828 1758 883 8<
1799 827 1908 882 Pla·

552 922 695 962 netas
715 905 911 960 lucidos
941 900 1029 957 suli
1057 898 1255 955 natura.

477 984 678 1038 Lucem
699 997 801 1033 non
812 976 909 1032 esse
924 989 1233 1048 corpu5‚aut
1251 973 1663 1047 qualemcunque
1703 990 1909 1032 motum

551 1070 850 1126 corporum.

478 1131 586 1185 Sub
602 1143 828 1183 concavo
848 1125 1004 1178 Lunae
1020 1121 1178 1175 latere
1195 1123 1381 1193 Ignem
1406 1111 1813 1179 Elementarem.

483 1202 758 1259 Galaxiam
775 1197 871 1253 effe
888 1201 1216 1261 Meteoruvm:
1261 1196 1309 1249 ὃς
1328 1197 1582 1252 Cometas
1598 1195 1801 1267 itidem,
1838 1182 1917 1251 ul:

546 1293 626 1331 tra
654 1274 882 1328 mediam
899 1270 1030 1325 aeris
1047 1268 1313 1340 regionem
1330 1285 1429 1321 non
1449 1266 1673 1323 evectos.

482 1354 702 1406 Terram
727 1349 911 1401 haerere
931 1342 1257 1398 immobilem
1278 1342 1525 1396 inocentro
1542 1342 1800 1400 Univerfi.

471 1424 694 1479 Sursum
726 1425 774 1477 8<
809 1417 1046 1473 deorsum
1074 1416 1126 1469 in
1157 1415 1345 1470 natura
1372 1413 1595 1484 fundari,
1633 1414 1915 1471 secundum

557 1498 784 1552 rationes
821 1488 1186 1546 immutabiles,

473 1577 697 1628 Formas
715 1584 892 1623 rerum
925 1564 1274 1619 animatarum
1294 1560 1390 1617 esse
1426 1560 1801 1619 substantiales:
1845 1566 1920 1619 Et

559 1645 837 1718 qualitates
867 1639 966 1693 five
995 1634 1285 1690 affefitiones
1313 1653 1595 1708 corporum
1639 1638 1703 1691 ab
1736 1653 1920 1692 eorum

560 1718 729 1773 modis
750 1712 952 1786 prorsus
984 1711 1248 1782 distingui.

486 1791 844 1854 Sensationem
862 1785 971 1841 fieri
991 1802 1081 1856 per
1113 1782 1304 1852 species
1337 1781 1713 1838 intentionaleS.
1764 1786 1924 1839 Rare-

555 1865 837 1922 factionem
871 1854 1395 1917 &condensationem
1435 1874 1523 1927 per
1543 1857 1923 1913 incrementum

560 1943 609 1997 δε
630 1939 1023 1993 decrementum
1041 1928 1343 1985 extensionis
1360 1929 1413 1984 in
1443 1929 1680 1986 materiai.

483 2011 878 2074 Providentiam
912 2004 1047 2060 infra
1060 2003 1267 2058 Lunam
1288 2021 1392 2057 non
1413 2003 1733 2058 descendere·

492 2091 747 2149 Animam
761 2082 858 2138 effe
874 2076 1189 2151 ὢἺελέχεια»,
1209 2078 1234 2145 <
1252 2093 1433 2132 vocem
1447 2077 1720 2132 barbaram
1748 2079 1795 2134 8<
1816 2094 1926 2132 am·

557 2160 814 2234 biguam)
854 2157 905 2214 8<
936 2150 1344 2209 immortalitatis
1375 2149 1556 2261 dubiae'

495 2308 730 2365 Genium
744 2301 969 2360 hominis
984 2300 1019 2355 fi
1031 2295 1453 2374 quaera5‚videtur
1477 2296 1664 2353 lividus
1677 2299 1728 2352 &
1755 2296 1928 2364 μικρά-

419 2389 636 2458 ψυχθε
679 2382 732 2435 in
764 2393 962 2433 veteres
987 2371 1313 2446 philosophos
1354 2370 1661 2444 plerumque
1691 2372 1928 2443 iniquus:

419 2478 553 2531 quos
580 2460 633 2513 in
657 2452 864 2527 magnis
895 2449 1138 2522 praeterit,
1186 2447 1239 2499 in
1266 2445 1484 2499 minutis
1524 2444 1724 2500 refellit.
1796 2443 1930 2499 Vale

420 2526 902 2605 Stagirita,semper
919 2523 1051 2579 mihi
1070 2521 1170 2576 eris
1197 2520 1350 2571 malus
1372 2517 1696 2591 Astronomus,
1734 2514 1928 2569 Theolo-

410 2625 510 2681 ,ἕως
526 2605 676 2680 pejor,
718 2598 1012 2673 Phyfiologm
1043 2593 1263 2670 pffmus.

1679 2661 1932 2736 Sequitur
