2095 2994
201 129 353 208 304
507 85 1017 199 'vsrchaeologiae
1041 79 1514 198 ‘Philofiphicae
1537 113 1560 164 .·
1573 80 1739 200 five,

358 226 490 282 teria
519 224 601 278 illa
625 221 898 294 Angelica,
937 217 1018 272 vel
1046 217 1373 290 Angelorum
1393 214 1856 289 vehicula,praece12

360 300 472 355 sere
505 297 761 370 originem
810 291 1052 358 Telluris,
1110 305 1167 343 ut
1205 289 1629 362 philosophantur
1681 294 1859 344 Patres

364 374 562 428 Graeci:
603 370 773 422 omnis
799 364 1014 419 materia
1049 363 1221 434 aliquo
1242 363 1397 417 modo
1419 362 1669 433 praecessit.
1719 361 1861 428 Ejus-

362 446 481 500 dem
521 443 644 498 vero
673 437 927 511 dispositio
953 439 1002 490 8(
1039 436 1314 503 ordinati0‚
1370 434 1650 490 secundum
1693 435 1860 488 varias

363 535 551 590 partes,
592 515 840 586 regiones,
880 513 927 565 8(
949 509 1156 577 formaS,
1195 508 1295 562 alio
1313 522 1465 577 atque
1494 508 1596 562 alio
1621 510 1780 561 modo
1812 511 1862 561 &

365 608 618 657 tempore,
656 586 717 640 ad
739 582 1088 658 praescriptum
1110 580 1462 649 Providentiae,
1485 582 1728 634 obtinuit.

442 659 707 718 Hfflreuhs
736 659 799 712 de
819 655 1147 728 Angelorum
1182 651 1589 725 prae-existentia,
1628 655 1678 708 8(
1714 650 1864 722 ipsius

367 739 521 793 etiam
555 733 796 798 materiae,
836 732 887 784 in
929 742 1187 800 quantum
1210 744 1332 782 cum
1370 726 1584 798 Angelis
1605 723 1864 780 conneffi·

367 828 472 878 tur,
511 826 573 862 ex
589 805 901 860 authoritate
922 808 1136 858 Parrum
1157 799 1370 872 egimus.
1447 800 1736 854 Redeamus
1764 800 1867 864 jam

367 885 429 938 ad
454 898 627 937 rerum
653 894 910 944 naturam,
948 878 999 929 &
1034 873 1292 928 mundum
1318 870 1677 944 aspectabilem
1704 892 1716 934 3
1759 873 1865 926 Ne-

370 976 470 1028 que
489 955 629 1009 enim
666 949 846 1006 desunt
876 962 1183 1021 argumenta
1215 947 1359 1015 plura
1393 948 1446 1000 in
1477 945 1675 1000 mundo
1691 962 1870 1014 corpo-

314 1086 317 1087 r
371 1049 478 1092 reo,
516 1047 625 1100 quae
643 1026 859 1080 eandem
883 1022 1110 1077 Materiae
1138 1019 1507 1090 antiquitatem
1522 1018 1865 1072 confirmant:

369 1119 527 1175 atque
563 1099 835 1171 Epocham
860 1093 1159 1158 Mosaicam,
1198 1107 1374 1164 praeter
1403 1106 1634 1162 propter,
1676 1090 1875 1144 sexmil-

371 1178 598 1238 lennem,
637 1188 741 1225 non
776 1169 931 1225 totius
967 1163 1188 1221 universi
1220 1165 1498 1237 originem,
1534 1164 1869 1236 comprehew

373 1251 512 1316 dere,
551 1245 630 1300 sed
666 1243 891 1301 Telluris
932 1239 1106 1295 nostrae
1138 1237 1330 1306 soecula,
1368 1239 1417 1295 8(
1454 1253 1655 1303 tempus
1690 1236 1874 1290 forma-

373 1322 530 1377 tionis
562 1320 591 1372 ὁ
627 1317 713 1372 suo
735 1317 909 1383 Chao,
948 1314 1067 1369 satis
1098 1311 1367 1367 testantur.
1441 1311 1498 1366 Si
1543 1310 1873 1382 phaenomena

371 1395 624 1451 coelorum
639 1389 1002 1465 perlustremus
1020 1388 1227 1453 iterum,
1264 1382 1639 1457 Syderumque,
1656 1399 1762 1436 tam
1782 1386 1874 1438 Er-

372 1467 605 1523 rantium
623 1462 782 1538 quim
795 1461 1143 1517 Inerrantium
1157 1459 1350 1513 choros
1375 1475 1387 1511 :
1427 1455 1578 1512 facile
1592 1457 1879 1522 credemuS,

377 1559 486 1596 tam
525 1535 848 1595 numerosam
869 1533 1190 1608 progeniem,
1227 1533 1278 1587 8(
1314 1529 1512 1585 meliori
1543 1529 1758 1601 dignam
1796 1547 1882 1602 pa-

375 1628 543 1682 rente,
583 1631 687 1667 non
707 1611 858 1666 unius
895 1605 1079 1665 Chafis
1109 1605 1331 1661 Terreni
1359 1603 1584 1659 sobolem
1618 1601 1713 1657 effe
1731 1622 1750 1668 ,·
1798 1620 1885 1657 ne·

378 1707 480 1762 que
500 1687 608 1760 pati
632 1682 785 1757 posse,
827 1696 881 1736 ut
903 1682 1038 1736 intra
1055 1678 1227 1750 exigui
1246 1678 1494 1748 temporis
1516 1675 1771 1731 cancellos
1800 1692 1880 1730 eo-

377 1779 495 1817 rum
537 1775 703 1814 aetates
731 1759 779 1812 8(
809 1755 1024 1809 historiae
1057 1751 1402 1808 includantur.
1476 1749 1883 1820 Perpendamus‚

378 1836 414 1890 si
443 1835 630 1908 placet,
667 1829 805 1904 quod
832 1830 936 1897 jam
955 1827 1150 1883 constat
1182 1825 1443 1891 omnibuS,
1483 1823 1748 1878 Tellurem
1783 1820 1882 1877 effe

381 1909 685 1966 Planetam:
727 1901 1019 1973 multosque
1046 1898 1143 1954 effe
1184 1898 1440 1963 Planeta5‚
1481 1910 1661 1966 praeter
1709 1895 1886 1951 Tellu-

380 1999 512 2049 rem,
550 1978 773 2048 ejusdem
811 1975 1018 2041 indolis,
1055 1970 1326 2044 similisque
1344 1971 1566 2024 materiae
1605 1971 1654 2022 &
1681 1966 1884 2024 formae:

383 2060 530 2127 Qos
546 2070 744 2118 omnm,
782 2046 1148 2121 probabileest,
1187 2044 1410 2098 eundem
1438 2040 1662 2097 habuisse
1679 2041 1772 2097 suae
1790 2043 1887 2097 ori-

382 2128 521 2203 ginis
537 2125 752 2181 modum
773 2125 822 2178 8(
840 2121 1159 2194 principium
1180 2136 1192 2172 z
1232 2133 1438 2188 nempe,
1455 2133 1888 2189 unumquemque

383 2218 560 2256 ortum
586 2197 683 2255 effe
732 2195 763 2250 ὲ
806 2194 895 2250 luo
937 2194 1109 2250 Chao,
1181 2190 1262 2245 Ex
1289 2207 1397 2262 quo
1434 2206 1612 2246 autem
1642 2187 1776 2245 facta
1810 2190 1888 2244 est

389 2282 574 2341 Terra,
615 2271 803 2326 nullius
844 2267 966 2323 novi
1008 2266 1229 2322 Planetae
1279 2263 1474 2318 natales
1533 2263 1786 2318 vidimus:
1825 2281 1885 2318 ac

387 2347 622 2422 proinde,
673 2360 763 2399 aut
801 2358 981 2396 omnes
1028 2338 1148 2393 sunt
1187 2336 1510 2410 antiquiores
1563 2335 1744 2399 Terra,
1797 2351 1889 2390 aut

389 2421 560 2478 coaevi.
636 2419 686 2473 Si
710 2414 966 2489 priu5,res
983 2410 1219 2469 conscita
1241 2410 1341 2469 est:
1382 2409 1453 2465 fin
1477 2426 1671 2468 eoaevos
1689 2407 1890 2476 feceris,

390 2511 472 2550 tot
499 2491 761 2566 oportebit
795 2489 1078 2561 supponere
1109 2486 1311 2553 cham,
1344 2499 1475 2556 quot
1507 2482 1625 2538 sunt
1660 2481 1891 2551 primarii

391 2568 628 2628 Planetae.
700 2562 924 2621 Constat
939 2560 1080 2615 enim
1096 2561 1311 2631 Jovem,
1348 2553 1771 2628 exempligratizi,
1795 2556 1889 2625 qui

391 2641 506 2698 suos
522 2640 855 2697 circumrotat
882 2633 1140 2702 satellites,
1177 2630 1266 2689 fibi
1293 2628 1391 2691 effe
1422 2645 1685 2696 centrum,
1723 2645 1892 2755 nedq-ue

1666 2719 1767 2775 pen
1809 2718 1893 2756 ere
