2095 2994
110 95 123 106 ··
143 99 305 176 2²94
402 54 934 169 vsrchaeologiae
957 50 1436 169 Philosophiae
1461 82 1501 133 ε.
1517 53 1689 164 five,

304 198 637 272 ignorabant,
674 193 792 248 satis
809 187 1248 262 superquefuisset
1264 186 1522 245 obstaculi.
1596 189 1692 246 Sed
1713 191 1817 250 haec

301 279 352 331 8(
385 269 696 341 hujusmodi,
721 286 798 322 ‘ne
839 259 1090 320 invidiosa
1132 264 1430 329 videa-ntur,
1464 263 1675 320 mallem
1705 266 1819 322 aliis

228 371 232 374 ·
306 344 607 403 meditanda
639 341 940 412 relinquere.

378 421 456 475 Ita
476 418 649 491 paucis
679 413 1048 486 percurrimus*
1073 409 1290 466 historiae
1328 410 1652 469 Paradifiacae
1688 412 1820 469 sum-

277 512 280 514 ’
309 514 400 551 rna
431 493 614 564 capita.
660 523 662 525 -
689 487 868 544 Restat
907 487 1122 540 unicum
1153 484 1575 558 expendendum,
1624 485 1823 558 [Qan-

309 568 405 622 tc'llo
435 581 670 635 tempore
702 563 804 618 haec
833 561 1011 616 omnia
1047 558 1252 634 peraeta
1298 574 1605 615 narrantur:
1667 563 1825 617 unius

312 643 414 697 diei
449 639 630 710 spatio,
670 638 750 691 vel
777 632 1221 690 forsan-dimidio,
1263 635 1268 679 ἶ
1295 632 1620 704 Supponunt
1652 635 1824 690 Theo-
1888 694 1893 699 ,

310 715 420 786 logi
453 713 721 769 Adamum
738 704 1108 764 consummass'e
1148 706 1298 761 suum
1330 723 1452 762 cum
1497 705 1610 762 Evfz
1643 710 1828 763 matri-

313 790 571 856 monium,
609 782 782 858 prima⁴
807 780 987 837 noete:
1047 780 1190 834 Dein
1211 780 1375 849 aiunt,
1414 779 1447 832 fi
1477 784 1614 850 Eva,
1655 781 1826 838 adhuc

315 864 564 925 innocua,
602 856 1014 930 primogenitum
1048 852 1202 908 suum
1227 852 1552 927 concepisset,
1590 872 1708 910 eum
1741 872 1829 926 pa-

314 937 441 991 riter
479 931 748 1007 peperisset
772 933 1074 998 innocuum,
1113 930 1163 984 8(
1201 930 1266 982 ab
1298 928 1446 983 omni
1485 929 1596 984 labe
1629 929 1829 1002 peccati

315 1010 476 1083 primi
515 1008 823 1061 immunem.
901 1002 1063 1059 Unde
1112 999 1255 1055 suam
1287 1002 1447 1054 etiam
1505 1003 1829 1074 progeniem5

317 1089 532 1140 Patrem
549 1081 691 1153 quod
722 1076 934 1149 spectat,
972 1076 1039 1129 ab
1065 1074 1251 1128 eodem
1279 1073 1416 1127 malo
1436 1073 1686 1130 intaetam
1707 1094 1833 1131 con-

316 1154 571 1212 servziffet.
630 1152 749 1208 Sed
770 1151 911 1206 nulla
929 1146 1611 1220 efiistiusmodiprogenieS,
1652 1150 1835 1205 imma-

289 1254 291 1256 ·
320 1231 510 1298 culam,
548 1242 636 1281 aut
669 1224 956 1297 semipura:
996 1239 1177 1277 omnes
1204 1219 1385 1277 eadem
1413 1221 1523 1277 labe
1555 1223 1835 1289 inficimur,

287 1303 505 1358 *eodem
553 1301 739 1355 morbo
784 1299 1096 1352 laboramus,
1175 1301 1507 1368 Qapropter
1554 1297 1836 1356 statuamus

291 1403 294 1405 >
321 1390 529 1450 oportet
556 1375 659 1429 haec
693 1371 871 1427 omnia
899 1385 1193 1443 perpetrata
1240 1368 1387 1424 fui‘ffe
1417 1367 1558 1424 sexto
1599 1370 1678 1425 die
1700 1389 1836 1426 crea-

323 1450 501 1519 tioni5‚
539 1464 661 1502 ante
697 1445 937 1501 cubitum
983 1459 1071 1499 aut
1125 1443 1339 1515 genialis
1375 1440 1495 1497 leffi
1553 1445 1835 1516 amplexus,

296 1530 476 1596 Ψοῑ
507 1537 703 1594 autem,
730 1522 794 1575 8(
823 1524 1054 1592 quanta‚'
1075 1516 1406 1588 congerenda
1444 1514 1562 1571 sunt
1593 1519 1648 1572 in
1701 1518 1840 1574 hune

323 1615 491 1654 unum
529 1595 703 1650 diem!
777 1597 904 1649 Haec
935 1591 1180 1658 breviter,
1219 1589 1253 1644 s1
1287 1591 1475 1664 placet,
1524 1607 1839 1663 repetamus·

324 1672 459 1728 Istoc
486 1670 568 1724 die
588 1670 738 1724 Deus
757 1666 956 1723 creavit
985 1665 1166 1720 omnia
1183 1681 1388 1736 pecora,
1427 1681 1609 1719 omnes
1635 1664 1768 1720 feras
1786 1667 1840 1722 8(

325 1746 505 1800 omnia
530 1742 765 1813 reptilia:
793 1740 1059 1811 Denique
1083 1740 1281 1793 creavit
1301 1738 1591 1799 Adamum..
1633 1739 1700 1794 Et
1717 1736 1839 1794 cum

323 1821 426 1874 haec
445 1817 619 1873 omnia
635 1813 863 1883 creasset,
886 1812 1105 1868 adduxit
1121 1812 1530 1886 unumquodque
1551 1831 1714 1885 genus
1733 1813 1842 1868 ani-

326 1893 549 1948 malium
580 1907 758 1945 coram
805 1889 1036 1957 AdamO,
1088 1901 1161 1956 ut,
1197 1904 1290 1958 pro
1331 1885 1577 1960 cujusque
1609 1887 1842 1960 ingenio,

328 1967 544 2022 nomina
565 1964 625 2020 iis
655 1965 961 2036 imponeret.
1017 1964 1218 2034 rQarn
1237 1960 1474 2032 linguam
1498 1960 1674 2015 calluit
1700 1960 1844 2016 Ada-

332 2059 468 2109 muS,
505 2036 677 2110 prima
701 2037 792 2092 suae
811 2035 1101 2090 nativitatis
1130 2031 1277 2102 horz'i,
1314 2033 1395 2088 vel
1415 2034 1517 2103 die,
1556 2034 1844 2105 mihipror·

331 2115 416 2170 sus
440 2115 709 2185 ignotum:
749 2109 830 2165 sed
851 2124 1135 2181 utcunque,
1173 2105 1295 2162 cum
1341 2122 1422 2161 tot
1457 2106 1553 2162 lint
1583 2106 1754 2163 claffes
1789 2109 1845 2165 8(

332 2188 538 2242 familiae
567 2185 891 2249 animalium,
929 2180 1176 2254 cujusque
1202 2180 1432 2236 indolem
1460 2181 1725 2251 aestimare,
1755 2199 1842 2252 ap·

333 2278 550 2332 tamque
569 2260 688 2314 inde
707 2257 1155 2313 nomenclaturam
1174 2253 1385 2326 fingulis
1411 2256 1699 2329 imponere,
1737 2271 1845 2309 non

308 2336 583 2408 exiguum
617 2350 820 2406 tempus
853 2329 1109 2404 postulare
1141 2328 1364 2384 videtur.
1439 2329 1609 2386 Finita
1627 2344 1846 2402 quomo·

337 2409 614 2480 docunque
649 2406 744 2462 hac
778 2403 954 2479 opera,
994 2405 1146 2459 Deus
1178 2402 1393 2460 immisit
1421 2403 1666 2477 »soporem
1701 2401 1847 2457 Ada-

310 2496 443 2550 2‘m0‚
484 2484 532 2536 8(
550 2480 890 2548 obdormivit,
926 2475 1092 2533 altum
1112 2475 1239 2532 vero
1265 2476 1548 2533 dormienti
1576 2476 1762 2548 eripuit
1788 2476 1847 2530 ei

311 2556 550 2623 -costam,
586 2557 635 2609 8(
678 2572 741 2608 ex
780 2552 846 2609 'ea
887 2551 1157 2607 fabrefecit
1184 2550 1487 2607 foeminam:
1529 2551 1732 2605 Eodem
1759 2548 1844 2605 die
1884 2582 1887 2587 ,

312 2630 647 2704 *conjugium
662 2627 862 2700 ineunt,
891 2643 1004 2683 mas
1035 2628 1085 2684 8(
1117 2623 1329 2683 foemina
1361 2642 1539 2682 recens
1563 2624 1673 2753 nati
1693 2641 1730 2755 :s
1746 2623 1847 2753 ¹sine

1590 2714 1693 2771 pon
1718 2716 1744 2753 a
1767 2715 1850 2767 m,
