2124 2985
262 108 291 161 ,ι
319 108 349 189 3
368 82 420 162 6
576 59 1088 174 eA-'rchaeologiae
1109 51 1586 171 ‘Philosophiae
1608 86 1630 138 .·
1643 54 1813 173 five,

877 340 961 425 C
1023 339 1106 422 A
1164 337 1250 418 P.
1369 337 1473 422 X.

425 559 548 641 De
591 555 1007 698 Philffl'his
1049 553 1302 686 qrfecis
1353 555 1495 672 posi
1556 556 1933 671 Orpheumz‘

541 685 638 760 (9⁴
663 696 876 813 pstmo
918 672 997 751 de
1020 667 1272 753 Ionicis.

601 937 736 993 AEC
770 935 833 990 de
877 933 1199 1007 Philosophis
1224 936 1537 989 ‘Graecorum
1569 934 1947 1006 antiquiffimi8‚

622 1011 714 1084 qui
751 1010 920 1065 Poetae
952 1012 1003 1066 8<
1033 1008 1332 1080 Mythologi
1387 1024 1554 1076 erant,
1593 1007 1730 1062 dicia
1781 1008 1948 1065 sunto.

438 1091 740 1160 Sequuntur
779 1083 985 1154 reliqui,
1022 1087 1116 1153 qui
1162 1082 1261 1136 fine
1314 1079 1514 1148 fabulis,
1552 1083 1600 1137 8<
1643 1081 1951 1154 plerumque

440 1161 540 1215 fine
561 1158 791 1215 carmine
820 1154 1168 1226 scripserunt3
1206 1154 1438 1226 adeoque
1471 1154 1496 1209 εἰ
1529 1155 1766 1227 plurimis
1798 1155 1952 1212 unice

440 1234 661 1306 intelligi
718 1230 879 1285 solent
910 1227 1300 1303 Philosophorum
1353 1232 1559 1281 nomine.
1637 1228 1952 1299 Hujusmodi

441 1306 584 1376 sunt,
622 1303 794 1358 Thales
808 1321 929 1358 cum
950 1302 1049 1357 sui-s
1069 1305 1259 1372 Ionicis,
1299 1300 1599 1369 Pherecydes,
1638 1302 1953 1377 Pythagoriis,

443 1379 774 1453 Xenophanes,
816 1376 1144 1445 Parmenides,
1177 1377 1456 1449 Leucippus,
1478 1376 1798 1447 Democritus,
1841 1379 1957 1428 Em-

436 1456 665 1529 pedales,
703 1450 1105 1521 Plat0,aliique;
1146 1448 1386 1522 usquead
1428 1447 1719 1520 Epicurum
1742 1451 1791 1506 8<
1831 1451 1958 1506 Ari-

444 1528 700 1594 stotelem,
740 1525 793 1579 in
810 1524 999 1596 quibus
1030 1521 1210 1577 desinit
1244 1521 1527 1595 antiquitas
1557 1521 1958 1596 PhilosophiCa;

443 1601 536 1657 nili
555 1598 725 1656 forsan
754 1598 890 1671 apud
929 1595 1131 1652 Stoicos
1149 1595 1347 1668 aliquid
1380 1596 1717 1667 antiquorum
1748 1599 1962 1666 dogma-

445 1693 561 1731 tum
609 1673 946 1746 reperiamus,
1018 1670 1200 1725 Solent
1234 1683 1409 1724 autem
1455 1667 1756 1740 Philosophi
1791 1670 1962 1725 Graeci

447 1747 658 1821 dispesci
673 1749 726 1802 in
761 1744 874 1800 suas
891 1741 1064 1799 claffes
1081 1760 1171 1798 aut
1187 1741 1399 1811 scholas,
1435 1740 1526 1797 sub
1541 1742 1763 1798 totidem
1788 1742 1963 1798 Sefi'ta-

450 1842 572 1880 rum
617 1820 967 1894 principibus3
1025 1816 1109 1872 sed
1145 1816 1266 1872 esim
1301 1816 1525 1871 instituti
1575 1815 1735 1871 nostri
1779 1816 1838 1871 fit
1874 1834 1961 1872 eos

449 1896 658 1953 tantum
695 1891 913 1949 revisere
940 1891 1033 1964 qui
1063 1890 1445 1963 philosophiam
1478 1890 1772 1946 naturalem
1798 1891 1966 1946 colue-

451 1986 590 2039 runt,
629 1984 734 2024 tres
751 1969 843 2022 aut
860 1981 1088 2039 quatuor
1120 1962 1420 2036 percurriffe
1452 1963 1567 2018 latis
1584 1965 1701 2032 erit,
1738 1966 1963 2019 Ionicum.

453 2062 660 2117 nempe,
698 2043 939 2105 Italicam,
999 2040 1281 2106 Eleaticam,
1335 2039 1406 2102 Sc,
1460 2037 1494 2090 fi
1530 2052 1697 2104 vacat,
1737 2041 1965 2092 Stoicam.

455 2119 620 2192 quue
642 2134 705 2171 eo
730 2111 1053 2186 potiffimiim
1087 2112 1208 2179 fine,
1243 2125 1300 2166 ut
1320 2110 1449 2183 quid
1484 2110 1754 2166 statuerint
1790 2111 1855 2165 de
1894 2131 1968 2164 re-

455 2214 565 2248 rum
597 2186 883 2263 originibus,
943 2185 1091 2243 brevi
1135 2183 1435 2241 discuffione
1493 2199 1700 2256 pateat:
1777 2186 1826 2241 8(
1856 2203 1969 2257 quae

458 2269 706 2340 dogmata
732 2262 912 2336 primae
949 2260 1084 2315 inter
1123 2260 1329 2314 Graecos
1370 2257 1698 2331 philosophiae
1739 2259 1969 2332 poeticae,

459 2359 572 2416 quae
592 2336 1076 2408 antiquo-barbarae,
1115 2332 1443 2387 retinuerint.

537 2410 728 2487 Qoad
750 2410 1027 2468 Thaletem
1046 2409 1098 2462 &
1128 2403 1333 2461 claffem
1351 2406 1601 2474 Ionicam,
1641 2418 1700 2460 ut
1729 2404 1848 2459 inde
1886 2423 1972 2460 ex-

460 2488 747 2558 ordiamur,
785 2483 993 2554 reliquis
1038 2481 1407 2552 antiquiorem,
1461 2477 1858 2534 stmimillennio
1890 2480 1972 2534 vel

460 2561 686 2627 circiter,
724 2559 752 2613 εἰ
776 2555 928 2630 capta
955 2559 1004 2612 T
1011 2553 1138 2626 ι’·οῇᾶ,
1176 2553 1428 2610 florebat:
1471 2567 1531 2607 ut
1578 2552 1752 2607 lucem
1783 2552 1975 2608 caeteris

459 2634 598 2690 ferre
621 2649 726 2689 non
762 2627 1035 2704 immerito
1073 2628 1326 2684 videatur.
1404 2628 1565 2697 Unus
1601 2640 1713 2682 erat
1755 2623 1786 2682 ὲ
1811 2626 1973 2697 philo·

1808 2695 1978 2774 sophie
