2095 2994
174 106 502 206 ‘Doft'rina
526 106 812 217 Antiqua
833 108 912 186 de
935 106 1184 197 Rerum
1207 111 1462 222 Origin.
1557 120 1655 196 23
1667 142 1714 210 g.-

68 246 282 307 demus;
322 242 602 296 decurrunt
643 238 781 292 enim
814 238 935 312 saepe
959 257 1047 311 per
1067 240 1321 311 planitieS,
1361 245 1409 296 8<
1438 258 1556 297 cum

59 318 256 390 campis
274 313 624 383 adjacentibus
664 313 875 383 aequales
900 312 1013 367 sunt
1033 328 1120 368 aut
1147 313 1288 384 aeque
1328 316 1437 367 altae
1468 314 1555 367 flu·

60 392 266 445 viorurn
287 388 419 458 ripae.
442 383 707 450 Praeterea,
725 384 858 438 unde
876 385 1032 439 effent
1050 404 1189 457 aquae
1215 388 1293 440 his
1319 388 1476 441 alveis
1499 390 1554 440 in

59 461 226 534 prima
249 466 418 516 Terrae
441 456 778 512 fundatione?
817 458 871 512 Si
895 458 1104 526 dixeriS‚
1141 458 1261 513 cum
1294 457 1460 514 faetus
1484 460 1556 512 est

61 537 235 591 alveus
280 532 496 599 Oceani,
535 531 690 585 tertio
713 529 814 593 die,
864 529 985 585 faeci
1019 530 1136 584 sunt
1183 534 1341 587 etiam
1373 533 1559 586 alveoli

61 609 367 663 fluviorum:
392 608 441 661 8<
457 601 899 678 quemadmodum
921 604 1144 658 maxima
1165 623 1280 676 pars
1298 622 1555 678 aquarum
1628 661 1630 663 ,

64 679 246 755 Abyffi
269 677 470 748 delapsa
502 676 573 731 est
603 677 656 730 in
697 677 999 748 voraginem
1026 678 1197 741 mari3‚
1233 678 1303 732 ita
1351 679 1556 749 reliquae

52 770 236 827 ‚partes
269 750 638 807 descenderunt
671 749 725 803 in
773 749 864 821 hos
900 751 1101 804 canales
1129 747 1420 818 fluviatileS,
1459 751 1555 821 pri-

65 826 276 900 mosque
311 824 493 879 fluvios
550 822 937 878 constituerunt.
1018 823 1168 878 Esto:
1220 822 1303 878 sed
1357 842 1562 893 prater--

63 916 222 972 quam
259 897 396 970 quod
449 894 743 963 hujusmodi
779 913 910 967 aqua
939 894 1060 949 effet
1083 895 1218 964 salsa,
1259 898 1471 968 perinde
1500 916 1558 949 ac

62 972 294 1027 marina:
337 968 463 1024 nulli
485 967 641 1023 essent
677 967 846 1022 fontes
872 986 1117 1039 perennes
1132 969 1195 1022 ad
1230 970 1438 1023 alendos
1470 970 1564 1022 hos

66 1044 284 1109 fluvios;
322 1042 543 1114 ideoque
558 1042 647 1095 ubi
675 1040 956 1095 defluxerat
976 1042 1203 1113 primum
1226 1039 1441 1111 flumen,
1480 1042 1563 1094 vel

67 1118 265 1191 primus
295 1116 481 1182 amnis,
518 1113 637 1169 cum
671 1113 814 1168 nullae
857 1113 1015 1168 effent
1042 1114 1069 1168 a
1112 1131 1261 1186 tergo
1283 1113 1565 1170 succeffurae

69 1210 228 1265 aquae,
265 1189 319 1243 hi
348 1186 512 1254 fluvii,
549 1187 628 1241 vel
649 1187 751 1240 haec
790 1187 1065 1260 aquilegia,
1098 1187 1271 1242 statim
1310 1187 1569 1242 aruissent.

71 1266 230 1331 Dice,
267 1259 388 1316 cum
417 1258 545 1313 nulli
584 1258 741 1313 essent
759 1261 928 1330 fontes
980 1276 1237 1333 perennes:
1293 1261 1391 1314 slve
1421 1262 1565 1314 enirn

59 1336 312 1393 oriuntur
352 1335 521 1387 fontes
550 1331 578 1386 a
603 1333 791 1402 pluvia,
829 1331 928 1386 five
951 1332 978 1386 ἐ
999 1335 1147 1396 mari,
1185 1349 1374 1387 neutro
1411 1334 1568 1386 modo

71 1409 453 1481 oririlpoterant
480 1406 685 1460 tantillo
706 1420 955 1477 tempore.
1028 1407 1155 1459 Non
1177 1405 1202 1460 εὶ
1225 1406 1420 1477 pluvia,
1443 1423 1569 1459 non·

70 1484 197 1538 dum
211 1481 352 1536 enirn
372 1480 572 1552 pluerat
592 1497 607 1542 ;
647 1479 941 1551 neque-fieri
959 1478 1128 1550 potuit
1151 1494 1207 1532 ut
1225 1497 1361 1551 aquae
1382 1477 1567 1550 Abyffi

72 1556 411 1612 decurrerent
430 1551 600 1607 alocis
631 1552 858 1606 maxime
883 1551 1276 1605 Mediterraneis
1306 1552 1369 1605 ad
1405 1569 1567 1620 mare,

70 1629 194 1683 dein?
212 1626 438 1682 redirent
457 1642 546 1696 per
565 1639 712 1679 terrae
739 1625 945 1692 viscera,
985 1640 1144 1678 novas
1177 1625 1284 1679 vias
1304 1625 1568 1691 tentand0,

55 1703 124 1756 ·&
148 1699 415 1773 percolatae
436 1696 763 1754 ascenderent
791 1698 853 1752 ad
879 1696 1050 1769 capita
1079 1696 1376 1765 fluviorum,
1415 1700 1569 1752 unius

73 1773 278 1829 dieculae
313 1770 493 1845 spatio·
561 1769 663 1826 Sed
711 1770 775 1825 de
796 1770 974 1825 fluviis
1025 1768 1157 1840 satis,
1196 1778 1469 1844 pergarnus
1504 1772 1568 1826 ad

75 1846 289 1919 reliqua.
551 1913 554 1916 ‚
789 1914 793 1916 ‚
1238 1911 1242 1914 ρ

144 1918 390 1993 Sequitur
431 1918 608 1986 tertio,
661 1919 750 1973 De
772 1916 1037 1989 'Serpente
1071 1918 1161 1992 qui
1204 1915 1453 1972 allocutus
1501 1915 1574 1970 est

64 1995 268 2061 Evam,
307 1991 434 2047 &ad
450 1989 786 2046 diffidendum
812 1991 1168 2064 Deopellexit,
1210 1990 1576 2046 mirahistoria.

80 2064 298 2120 Bestiam
331 2065 473 2119 illam
498 2062 637 2138 loqui
656 2063 808 2136 poffe,
848 2080 936 2119 aut
971 2063 1283 2138 quacunque
1319 2080 1443 2117 voce
1480 2064 1576 2131 uti,

77 2153 262 2210 praeter
299 2137 453 2205 libila,
490 2137 725 2192 nondum
755 2137 957 2193 seimus.
1033 2140 1131 2194 Sed
1160 2136 1286 2210 quid
1325 2137 1388 2190 de
1422 2134 1480 2190 ea
1516 2154 1572 2191 re

80 2209 275 2266 scivisse
310 2213 481 2267 Evam
519 2207 826 2265 credemus?
865 2212 918 2265 Si
939 2227 1032 2282 pro
1056 2226 1204 2266 muto
1244 2210 1455 2264 animali
1488 2209 1573 2262 ha-

82 2280 285 2352 buiffet,
311 2282 426 2355 ipsa
449 2281 650 2355 loquela
664 2281 916 2338 terruisset
932 2283 1218 2352 foeminam,
1255 2285 1307 2339 &
1329 2283 1396 2336 ab
1431 2283 1581 2337 omni

85 2355 336 2412 strmonis
353 2356 670 2411 commercio
683 2354 963 2428 pepulisset.
1041 2358 1194 2430 Qod
1215 2354 1584 2429 filoquaxfuir,
1658 2392 1664 2395 >

73 2431 140 2484 -δε
169 2427 554 2498 sermocinator,
604 2431 670 2484 ab
704 2429 854 2484 initio
901 2429 1117 2500 strpens‚
1153 2430 1483 2503 perdiditque
1514 2429 1582 2483 lo·

88 2502 296 2574 quelam
337 2504 404 2556 ob
436 2500 535 2557 hoc
565 2501 781 2570 facium,
840 2501 984 2576 quod
1027 2505 1270 2575 pietatem
1317 2502 1579 2574 fidemque

82 2579 216 2631 Evae
236 2574 335 2630 suis
349 2575 610 2632 blanditiis
630 2589 949 2648 corruperat,
987 2574 1085 2632 hoc
1105 2595 1269 2650 genus
1287 2592 1444 2648 poenae
1465 2593 1582 2630 neu·

81 2648 298 2720 ¹tiquam
333 2645 563 2708 tacuisset
593 2647 790 2706 Moses:
830 2666 1000 2721 neque
1035 2651 1202 2708 levius
1232 2650 1485 2707 damnum
1520 2649 1583 2704 de

406 2768 437 2791 ff
821 2722 870 2793 ἓ
908 2739 944 2794 p
1343 2720 1584 2777 lambendo
